@InCollection{MAPA:11,
  url          = {https://www.revistacanavieiros.com.br/uploads/pagina/tag/2024/02/rH6rbytqp5KlTK50/canavieiros-ed207-jan-compactado.pdf},
  title = 	 {Mudanças Climáticas e os Desafios no Campo},
  booktitle = 	 {Revista Canavieiros},
  pages = 	 {86--93},
  publisher =    {Editora Expressão.},
  year = 	 {2024},
  editor = 	 {Carla Rossini - MTb 39.788},
}

@Comment{jabref-meta: databaseType:biblatex;}

@InCollection{FURLANETO,
  author       = {Fernanda Paiva, Ricardo Augusto, Maura Seiko},
  title        = {Análise econômica da cultura da mandioca no Médio Paranapanema},
  address      = {São Paulo, SP},
  pagetotal    = {1-12},
  year         = {2008},
  url          = {https://www.agricultura.sp.gov.br/documents/1007647/0/01.%20ANÁLISE%20ECONÔMICA%20DA%20CULTURA%20DE%20MANDIOCA%20NO%20MÉDIO%20PARANAPANEMA,%20ESTADO%20DE%20SÃO%20PAULO.pdf/3bd8f84e-dcf6-c813-aa00-9be649296220#:~:text=O%20estudo%20econômico%20dos%20sistemas,mandioca%20produzida%20com%201%20ciclo.},  
}
@PhdThesis{CONAB,
  author       = {Flávia Machado,  Débora Cristina},
  title        = {Análise econômica da cultura da mandioca no Médio Paranapanema},
  school       = {Universidade Federal de Santa Catarina},
  address      = {Florianópolis, SC},
  pagetotal    = {1-12},
  year         = {2018},
  url          = {https://www.conab.gov.br/info-agro/analises-do-mercado-agropecuario-e-extrativista/analises-do-mercado/historico-mensal-de-mandioca/item/download/15104_87ab84e372faa534fa097d39adcb71c5},
  urldate      = {2023-12-05},
  type         = {Tese (Doutorado em Engenharia de Produção)},
  }

  @PhdThesis{Prado,
  author       = {Prado, Vânia Luísa Spressola},
  title        = {Modelo de qualidade de vida dentro dos domínios bio-psico-social para aposentados},
  eventdate    = {2006-05},
  school       = {Universidade de São Paulo},
  address      = {São Paulo, SP},
  pagetotal    = {124},
  year         = {2011},
  url          = {https://teses.usp.br/teses/disponiveis/41/41134/tde-06062011-073004/pt-br.php#:~:text=Os%20quilombolas%20do%20Ribeira%20estão,hotspots%20de%20biodiversidade%20do%20mundo.},
  urldate      = {2011-04-07},
  type         = {Tese (Mestrado em Biociências - USP)},
}

@InCollection{Embrapa,
  author       = {Josefino de Freitas Fialho, Ailton Vitor Pereira},
  url          = {https://www.infoteca.cnptia.embrapa.br/infoteca/bitstream/doc/555046/1/gtec32.pdf},
  title = 	 {importância do Controle da Bacteriose na Cultura da Mandioca},
  booktitle = 	 {Guia Técnico do Produtor Rural},
  pages = 	 {1-2},
  publisher =    {MAPA.},
  year = 	 {1999},
}
@InCollection{MANSFIELD,
  author       = {John Mansfield and Stephane Genin and Shimpei Magori and Vitaly Citovsky and Malinee Sriariyanun and Pamela Ronald and Max Dow and Valérie Verdier and Steven V. Beer and Marcos A. Machado and Ian Toth and George Salmond and Gary D. Foster},
  title        = {Top 10 plant pathogenic bacteria in molecular plant pathology},
  school       = {Blackwell Publishing Ltd.},
  year         = {2012},
  pages        = {614-629},
  url          = {https://bsppjournals.onlinelibrary.wiley.com/doi/epdf/10.1111/j.1364-3703.2012.00804.x},
}
@Article{Germoplasma,
  author       = {Flavia Andrea Nery-Silva, ; Jonas Jäger Fernandes, Fernando César Juliatti and Benjamim de Melo},
  title        = {Reação de germoplasma de mandioca
a Xanthomonas axonopodis pv. manihots},
  journal      = {Semina: Ciências Agrárias},
  volume       = {v.28},
  pages        = {1-10},
  year         = {2007},
  url          = {https://ojs.uel.br/revistas/uel/index.php/semagrarias/article/download/2542/2178/8359},
  urldate      = {2023-12-05},
  note         = {Acesso em: 5 dez. 2023},
}

@InCollection{Cassava1999,
  author       = {Chaves, Carlos A. Zárate and Cruz, Diana Gómez and Verdier, Valérie  and López, Camilo E. and Bernal, Adriana and Szurek, Boris},
  title        = {Cassava diseases caused by Xanthomonas phaseoli pv. manihotis and Xanthomonas cassavae},
  pages        = {1520 - 1537},
  publisher    = {Wiley},
  year         = {2021},
  url          = {https://www.infoteca.cnptia.embrapa.br/infoteca/bitstream/doc/555046/1/gtec32.pdf},
}

@Article{Klebsiella,
  author       = {Ferreira, Solange da Cunha and Nakasone, Alessandra Keiko and Cunha, Elisa Ferreira Moura and Serrão, Cleyson Pantoja  and Souza, Cláudia Regina Batista},
  title        = {Sistemática proposta para seleção de fornecedores em gestão de projetos},
  journal      = {Scielo},
  publisher    = {Universidade Federal de São Carlos (UFSCar)},
  volume       = {14},
  number       = {3},
  pages        = {477--487},
  year         = {2007},
  month        = dec,
  doi          = {10.1590/s0104-530x2007000300005},
  issn         = {0104-530X},
}
@Article{CPA2022,
  author       = {dos Santos, Douglas Paulo and Silveira, Bruno and Barbosa, Karoline Noronha},
  title        = {Utilização de IA para Controle de Pragas na Agricultura},
  journal      = {Repositório Instituicional AEE},
  publisher    = {UNIVERSIDADE EVANGÉLICA DE GOIÁS – (UNIEVANGÉLICA)},
  pages        = {1-41},
  year         = {2022},
  month        = dec,
  url = {http://repositorio.aee.edu.br/jspui/handle/aee/20825},
}
@INPROCEEDINGS{EfficientNet,
  author={Gao, Fei and Sa, Jiming and Wang, Zhuoer and Zhao, Zhongyu},
  booktitle={2021 7th International Conference on Systems and Informatics (ICSAI)}, 
  title={Cassava Disease Detection Method Based on EfficientNet}, 
  year={2021},
  volume={},
  number={},
  pages={1-6},
  keywords={Image resolution;Sensitivity;Image color analysis;Transportation;Production;Predictive models;Feature extraction;Cassava disease;HSV color space;EfficientNet network;Deep learning},
  doi={10.1109/ICSAI53574.2021.9664101}
  }

  @INPROCEEDINGS{Leaf,
  author={Saini, Archana and Guleria, Kalpna and Sharma, Shagun},
  booktitle={2023 International Conference on Self Sustainable Artificial Intelligence Systems (ICSSAS)}, 
  title={Cassava Leaf Disease Classification Using Pre-Trained EfficientN Et Model}, 
  year={2023},
  volume={},
  number={},
  pages={675-680},
  keywords={Plant diseases;Sociology;Crops;Process control;Production;Learning (artificial intelligence);Safety;Cassava;EfficientN et;diseases;classification;image processing;deep learning},
  doi={10.1109/ICSSAS57918.2023.10331697}}